@inproceedings{kiczales97aspectoriented,
   author    = {Gregor Kiczales and John Lamping and Anurag Mendhekar and Chris Maeda
                and Cristina Videira Lopes and Jean--Marc Loingtier and John Irwin},
   title     = {Aspect--{O}riented {P}rogramming},
   booktitle = {European Conference on Object--Oriented Programming, ECOOP'97},
   series    = {LNCS 1241},
   publisher = {Springer--Verlag},
   address   = {Finland},
   pages     = {220--242},
   month     = {June},
   year      = {1997}
}
@article{gettingStartedAspectJ,
 author = {Gregor Kiczales and Erik Hilsdale and Jim Hugunin and Mik Kersten and Jeffrey Palm and William Griswold},
 title = {{Getting Started with AspectJ}},
 journal = {Communications of the ACM},
 volume = {44},
 number = {10},
 year = {2001},
 issn = {0001-0782},
 pages = {59--65},
 doi = {http://doi.acm.org/10.1145/383845.383858},
 publisher = {ACM Press}
 }
@unpublished{aspectjProgrammingGuide,
  title     = {The {A}spect{J} {P}rogramming {G}uide},
  author    = {{AspectJ} Team},
  note      = {At http://www.eclipse.org/aspectj}
}


@unpublished{XP1,
  title     = {XP1},
  author    = {Jacques P. Sauvé, Airon F. da Silva, Francisco R. de A. Neto, Francisco W. L. Cabral},
  year      = {2002},
  note      = {At http://www.dsc.ufcg.edu.br/~jacques/cursos/2002.2/projii/xp1/xp1.html}
}

@article{XP,
author = {Kent Beck},
title = {Embracing Change with Extreme Programming},
journal = {Computer},
volume = {32},
number = {10},
year = {1999},
issn = {0018-9162},
pages = {70-77},
doi = {http://doi.ieeecomputersociety.org/10.1109/2.796139},
publisher = {IEEE Computer Society},
address = {Los Alamitos, CA, USA},
}

@unpublished{google_appgenine,
  title     = {{Google App Engine}},
  note      = {At http://code.google.com/appengine/}
}

@unpublished{python,
  title     = {{Python}},
  note      = {At http://www.python.org/}
}

@unpublished{django,
  title     = {{Django}},
  note      = {At http://www.djangoproject.com/}
}

@unpublished{selenium,
  title     = {{Selenium}},
  note      = {At http://selenium.openqa.org}
}

@unpublished{daca_googlegroups,
  title     = {Página da disciplina DACA},
  author    = {Jacques P. Sauvé},
  year      = {2008},
  note      = {At http://groups.google.com/group/daca-2008-1/web/projeto}
}

@unpublished{pyea,
  title     = {PythonEasyAccept},
  author    = {Gustavo Pereira de Farias, Magno Jefferson Queiroz, Jacques P. Sauvé},
  year      = {2008},
  note      = {At http://pyeasyaccept.org/}
}


@unpublished{YAML,
  title     = {YAML},
  note      = {At http://www.yaml.org}
}

@unpublished{pypdf,
  title     = {PyPDF},
  author    = {Anand B Pillai},
  year      = {2004},
  note      = {At http://aspn.activestate.com/ASPN/Cookbook/Python/Recipe/189858}
}

@misc{MVC,
title = {Applications Programming in Smalltalk-80(TM): How to use Model-View-Controller (MVC)},
author = {Steve Burbeck},
url = {http://st-www.cs.uiuc.edu/users/smarch/st-docs/mvc.html},
year = {1987},
keywords = {design mvc smalltalk }
} 

@book{GoF,
title = {Design Patterns},
address = {Boston, MA},
author = {Erich Gamma and Richard Helm and Ralph Johnson and John Vlissides},
howpublished = {Hardcover},
month = {January},
publisher = {Addison-Wesley},
year = {1995}
}

@inproceedings{anInitialAssessmentAOP,
 author = {Robert J. Walker and Elisa L. A. Baniassad and Gail C. Murphy},
 title = {{An Initial Assessment of Aspect-Oriented Programming}},
 booktitle = {{Proceedings of the 21st International Conference on Software Engineering}},
 year = {1999},
 isbn = {1-58113-074-0},
 pages = {120--130},
 location = {Los Angeles, California, United States},
 publisher = {IEEE Computer Society Press}
 }

@book{lea2000cpj,
  title={{Concurrent Programming in Java (tm): Design Principles and Patterns}},
  author={Doug Lea},
  year={2000},
  publisher={Addison-Wesley}
}
@article{persson2004ear,
  title={{Establishment of automated regression testing at ABB: industrial experience report on 'avoiding the pitfalls'}},
  author={Persson, C. and Yilmazturk, N. and Res, A.B.B.A.B.C. and Vasteras, S.},
  journal={Automated Software Engineering, 2004. Proceedings. 19th International Conference on},
  pages={112--121},
  year={2004}
}
@article{kavi1997mts,
  title={{Multi-threaded Systems: Issues, Solutions And Future}},
  author={Kavi, KM and Hurson, AR},
  journal={System Sciences, 1997, Proceedings of the Thirtieth Hawaii International Conference on},
  volume={1},
  year={1997}
}
@article{sutter2005sac,
  title={{Software and the concurrency revolution}},
  author={Sutter, H. and Larus, J.},
  journal={Queue},
  volume={3},
  number={7},
  pages={54--62},
  year={2005},
  publisher={ACM Press New York, NY, USA}
}

@article{macdonald3875caa,
  title={{Choosing Among Alternative Futures}},
  author={MacDonald, S. and Chen, J. and Novillo, D.},
  journal={Proc. Haifa Verification Conference, LNCS},
  volume={3875},
  pages={247--264},
  year={2005}
}
@book{dustin1999ast,
  title={{Automated Software Testing: Introduction, Management, and Performance}},
  author={Dustin, E. and Rashka, J. and Paul, J.},
  year={1999},
  publisher={Addison-Wesley Professional}
}
@article{copty3648mtt,
  title={{Multi-threaded Testing with AOP is Easy, and It Finds Bugs}},
  author={Shady Copty and Shmuel Ur},
  journal={Proc. 11th International Euro-Par Conference, LNCS},
  volume={3648},
  year={2005},
  pages={740--749},
  publisher={Springer}
}


@inproceedings{copty:tvc,
   author    = {Shady Copty and Shmuel Ur},
   title     = {{Toward Automatic Concurrent Debugging Via Minimal Program Mutant Generation with AspectJ}},
   booktitle = {Proceedings of TV'06 - Multithreading in Hardware and Software: Formal Approaches to Design and Verification},
   address   = {Seattle},
   pages     = {125--132},
   month     = {August},
   year      = {2006}
}
@inproceedings{naik2006,
 author = {Mayur Naik and Alex Aiken and John Whaley},
 title = {Effective static race detection for Java},
 booktitle = {PLDI '06: Proceedings of the 2006 ACM SIGPLAN conference on Programming language design and implementation},
 year = {2006},
 isbn = {1-59593-320-4},
 pages = {308--319},
 location = {Ottawa, Ontario, Canada},
 doi = {http://doi.acm.org/10.1145/1133981.1134018},
 publisher = {ACM Press},
 address = {New York, NY, USA},
 }
@article{ronsse1999rfi,
  title={{RecPlay: a fully integrated practical record/replay system}},
  author={Ronsse, M. and De Bosschere, K.},
  journal={ACM Transactions on Computer Systems (TOCS)},
  volume={17},
  number={2},
  pages={133--152},
  year={1999},
  publisher={ACM Press New York, NY, USA}
}
@article{savage1997edd,
  title={{Eraser: A Dynamic Data Race Detector for Multithreaded Programs}},
  author={S Savage and M. Burrows and G. Nelson and P. Sobalvarro and T. Anderson},
  journal={ACM Transactions on Computer Systems},
  volume={15},
  number={4},
  pages={391--411},
  year={1997}
}
@article{rinard2001amp,
  title={{Analysis of multithreaded programs}},
  author={Rinard, M.},
  journal={Proceedings of the 8th International Symposium on Static Analysis},
  pages={1--19},
  year={2001},
  publisher={Springer}
}
@inproceedings{stoller02testing,
author="Scott D. Stoller",
title="Testing Concurrent {Java} Programs using Randomized Scheduling",
booktitle="Proc.\ Second Workshop on Runtime Verification (RV)",
month=jul,
year=2002,
series="Electronic Notes in Theoretical Computer Science",
publisher="Elsevier",
volume="70(4)"
}

@article{cai2000,
author = {X. Cai and J. Chen},
title = {{Control of Nondeterminism in Testing Distributed Multithreaded Programs}},
journal = {apaqs},
volume = {00},
year = {2000},
isbn = {0-7695-0825-1},
pages = {29},
doi = {http://doi.ieeecomputersociety.org/10.1109/APAQ.2000.883775},
publisher = {IEEE Computer Society},
address = {Los Alamitos, CA, USA},
}
@inproceedings{yang1997cat,
  title={{The Challenges in Automated Testing of Multithreaded Programs}},
  author={Cheer-Sun Yang  and Lori L. Pollock},
  booktitle={{14th International Conference on Computer Software Testing and Analysis}},
  month={June},
  note={At http://128.4.133.74:8080/dspace/handle/123456789/115},
  year={1997}
}
@article{dantas2006uab,
  title={{Using AOP to Bring a Project Back in Shape: The OurGrid Case}},
  author={Dantas, A. and Cirne, W. and Saikoski, K.},
  journal={Journal of the Brazilian Computer Society (JBCS)},
  volume={11},
  pages={21--36},
  year={2006}
}
@article{voas1997aci,
  title={{How assertions can increase test effectiveness}},
  author={Voas, J.},
  journal={Software, IEEE},
  volume={14},
  number={2},
  pages={118--119},
  year={1997}
}
@book{junitmassol2004ja,
  title={{JUnit in Action}},
  author={Massol, V.},
  year={2004},
  publisher={Manning}
}

@article{moon2006tms,
  title={{A thread monitoring system for multithreaded Java programs}},
  author={Moon, S. and Chang, B.M.},
  journal={ACM SIGPLAN Notices},
  volume={41},
  number={5},
  pages={21--29},
  year={2006},
  publisher={ACM Press New York, NY, USA}
}

@phdthesis{erlingsson2004,
 author = {Ulfar Erlingsson},
 note = {Adviser: Fred B. Schneider},
 title = {The inlined reference monitor approach to security policy enforcement},
 year = {2004},
 month={January},
 publisher={Cornell University}
 }
 
@article{haftmann2007fer,
  title={{A framework for efficient regression tests on database applications}},
  author={Haftmann, F. and Kossmann, D. and Lo, E.},
  journal={The VLDB Journal The International Journal on Very Large Data Bases},
  volume={16},
  number={1},
  pages={145--164},
  year={2007},
  publisher={Springer}
}
@unpublished{xunitPattern,
  title     = {{Xunit Patterns: Slow Tests}},
  year    = {2007},
  note      = {http://xunitpatterns.com/Slow\%20Tests.html}
}

@article{adrion1982,
 author = {W. Richards Adrion and Martha A. Branstad and John C. Cherniavsky},
 title = {Validation, Verification, and Testing of Computer Software},
 journal = {ACM Comput. Surv.},
 volume = {14},
 number = {2},
 year = {1982},
 issn = {0360-0300},
 pages = {159--192},
 doi = {http://doi.acm.org/10.1145/356876.356879},
 publisher = {ACM},
 address = {New York, NY, USA},
 }
 
 @book{fewster1999sta,
  title={{Software test automation}},
  author={Fewster, M. and Graham, D.},
  year={1999},
  publisher={Addison-Wesley Reading, Mass}
}

@article{betincan2005adv,
  title={{Application of design for verification with concurrency controllers to air traffic control software}},
  author={Betin-Can, A. and Bultan, T. and Lindvall, M. and Lux, B. and Topp, S.},
  journal={Proceedings of the 20th IEEE/ACM international Conference on Automated software engineering},
  pages={14--23},
  year={2005},
  publisher={ACM Press New York, NY, USA}
}

@article{sprenkle2005ara,
  title={{Automated replay and failure detection for web applications}},
  author={Sprenkle, S. and Gibson, E. and Sampath, S. and Pollock, L.},
  journal={Proceedings of the 20th IEEE/ACM international Conference on Automated software engineering},
  pages={253--262},
  year={2005},
  publisher={ACM Press New York, NY, USA}
}
@unpublished{testingPatternsRepository,
  title     = {{Software Testing Patterns}},
  note      = {http://www.testing.com/test-patterns/patterns/}
}

@article{deLano1997,
 author = {David E. DeLano and Linda Rising},
 title = {Patterns for system testing},
 book = {Pattern languages of program design 3},
 year = {1997},
 isbn = {0-201-31011-2},
 pages = {403--503},
 publisher = {Addison-Wesley Longman Publishing Co., Inc.},
 address = {Boston, MA, USA},
 }

@unpublished{stobie2001,
  title     = {{Test Result Handling}},
  author    = {Keith Stobie},
  year      = {2001},
  month     = {August},
  note      = {http://www.stickyminds.com/getfile.asp?ot=XML\&id=3222\&fn=XDD3222filelistfilename1.pdf}
}

@unpublished{testingTechniquesPage,
  title     = {{The Grand Index of Techniques}},
  note      = {http://www.testingcraft.com/techniques.html}
}

@article{eytani2006tfa,
  title={{Toward a Framework and Benchmark for Testing Tools for Multi-Threaded Programs}},
  author={Eytani, Y. and Havelund, K. and Stoller, S.D. and Ur, S.},
  journal={Concurrency and Computation: Practice and Experience},
  year={2006}
}
@article{zeller1999ymp,
  title={{Yesterday, my program worked. Today, it does not. Why?}},
  author={Zeller, A.},
  journal={ACM SIGSOFT Software Engineering Notes},
  volume={24},
  number={6},
  pages={253--267},
  year={1999},
  publisher={Springer}

}

@article{hailpern2002sdt,
  title={{Software debugging, testing, and verification}},
  author={Hailpern, B. and Santhanam, P.},
  journal={IBM Systems Journal},
  volume={41},
  number={1},
  pages={4--12},
  year={2002}, 
  note={http://www.research.ibm.com/journal/sj/411/hailpern.html}
}

@article{vaidyanathan2001ecs,
  title={{Extended Classification of Software Faults Based on Aging}},
  author={Vaidyanathan, K. and Trivedi, K.S.},
  journal={Fast Abstract, Int. Symp. Software Reliability Eng., Hong Kong},
  year={2001}
}

@article{stobie2005tdb,
  title={{Too darned big to test}},
  author={Stobie, K.},
  journal={Queue},
  volume={3},
  number={1},
  pages={30--37},
  year={2005},
  publisher={ACM Press New York, NY, USA}
}

@article{edelstein2003ftm,
  title={{Framework for testing multi-threaded Java programs}},
  author={Edelstein, O. and Farchi, E. and Goldin, E. and Nir, Y. and Ratsaby, G. and Ur, S.},
  journal={Concurrency and Computation: Practice \& Experience},
  volume={15},
  number={3},
  pages={485--499},
  year={2003}
}

@article{edelstein2003ftm,
  title={{Framework for testing multi-threaded Java programs}},
  author={Edelstein, O. and Farchi, E. and Goldin, E. and Nir, Y. and Ratsaby, G. and Ur, S.},
  journal={Concurrency and Computation: Practice \& Experience},
  volume={15},
  number={3},
  pages={485--499},
  year={2003}
}


@article{leiWong2005,
author = {Yu Lei and Eric Wong},
title = {A Novel Framework for Non-Deterministic Testing of Message-Passing Programs},
journal = {hase},
volume = {0},
year = {2005},
issn = {1530-2059},
pages = {66-75},
doi = {http://doi.ieeecomputersociety.org/10.1109/HASE.2005.2},
publisher = {IEEE Computer Society},
address = {Los Alamitos, CA, USA},
}

@article{saff2004eec,
  title={{An experimental evaluation of continuous testing during development}},
  author={Saff, D. and Ernst, M.D.},
  journal={Proceedings of the 2004 ACM SIGSOFT international symposium on Software testing and analysis},
  pages={76--85},
  year={2004},
  publisher={ACM Press New York, NY, USA}
}
@book{kaner1999tcs,
  title={{Testing Computer Software}},
  author={Kaner, C. and Falk, J.L. and Nguyen, H.Q.},
  year={1999},
  publisher={John Wiley \& Sons, Inc. New York, NY, USA}
}

@article{zhu2006fso,
  title={{A Framework for Service-Oriented Testing of Web Services}},
  author={Zhu, H.},
  journal={Proceedings of the 30th Annual International Computer Software and Applications Conference (COMPSAC'06)-Volume 02},
  pages={145--150},
  year={2006},
  publisher={IEEE Computer Society Washington, DC, USA}
}

@article{dustdar2004tso,
  title={{Testing of Service Oriented Architectures--A practical approach}},
  author={Dustdar, S. and Haslinger, S.},
  journal={LECTURE NOTES IN COMPUTER SCIENCE},
  pages={97--109},
  year={2004},
  publisher={Springer}
}

@inproceedings{hughes2004,
 author = {Daniel Hughes and Phil Greenwood and Geoff Coulson},
 title = {A Framework for Testing Distributed Systems},
 booktitle = {P2P '04: Proceedings of the Fourth International Conference on Peer-to-Peer Computing (P2P'04)},
 year = {2004},
 isbn = {0-7695-2156-8},
 pages = {262--263},
 doi = {http://dx.doi.org/10.1109/P2P.2004.3},
 publisher = {IEEE Computer Society},
 address = {Washington, DC, USA},
 }
@book{hetzel1993,
  title={{The complete guide to software testing}},
  author={Hetzel, B.},
  year={1993},
  publisher={Wiley, Inc. Wellesley, MA, USA}
}
@book{myers2004ast,
  title={{The Art of Software Testing}},
  author={Myers, G.J.},
  year={2004},
  publisher={John Wiley \& Sons Inc}
}

@book{hutcheson2003stf,
  title={{Software Testing Fundamentals: Methods and Metrics}},
  author={Hutcheson, M.L.},
  year={2003},
  publisher={John Wiley \& Sons, Inc. New York, NY, USA}
}

@book{patton2005,
  title={{Software Testing}},
  author={Ron Patton},
  year={2005},
  publisher={Sams. 2nd edition }
}

@inproceedings{constant2007,
  author    = {Camille Constant and
               Bertrand Jeannet and
               Thierry J{\'e}ron},
  title     = {Automatic Test Generation from Interprocedural Specifications},
  booktitle = {TestCom/FATES},
  year      = {2007},
  pages     = {41-57},
  ee        = {http://dx.doi.org/10.1007/978-3-540-73066-8_4},
  crossref  = {DBLP:conf/pts/2007},
  bibsource = {DBLP, http://dblp.uni-trier.de}
}

@unpublished{unitTestPatterns,
  title     = {{Unit Test Patterns}},
  author    = {Marc Clifton},
  note      = {At http://www.marcclifton.com/tabid/87/Default.aspx and http://www.codeproject.com/KB/architecture/autp5.aspx\#Multithreading\%20Patterns29}
}

@article{delamaro2001mot,
  title={{Mutant operators for testing concurrent Java programs}},
  author={Delamaro, ME and Pezz{\`e}, M. and Vincenzi, AMR and Maldonado, JC},
  journal={Anais do 15th Simp{\'o}sio Brasileiro de Engenharia de Software (SBES�2001)},
  pages={386--391},
  year={2001}
}

@article{bradbury2006moc,
author = {Jeremy S. Bradbury and James R. Cordy and Juergen Dingel},
title = {Mutation Operators for Concurrent Java (J2SE 5.0)},
journal = {mutation},
volume = {0},
year = {2006},
isbn = {0-7695-2897-X},
pages = {11},
doi = {http://doi.ieeecomputersociety.org/10.1109/MUTATION.2006.10},
publisher = {IEEE Computer Society},
address = {Los Alamitos, CA, USA},
}

@article{long2001cst,
  title={{A Case Study in Testing Distributed Systems}},
  author={Long, B. and Strooper, P.},
  journal={Proceedings of the Third International Symposium on Distributed Objects and Applications},
  pages={20},
  year={2001},
  publisher={IEEE Computer Society Washington, DC, USA}
}

@inproceedings{bertolino07,
 author = {Antonia Bertolino},
 title = {Software Testing Research: Achievements, Challenges, Dreams},
 booktitle = {FOSE '07: 2007 Future of Software Engineering},
 year = {2007},
 isbn = {0-7695-2829-5},
 pages = {85--103},
 doi = {http://dx.doi.org/10.1109/FOSE.2007.25},
 publisher = {IEEE Computer Society},
 address = {Washington, DC, USA},
 }

@inproceedings{zhu2006,
 author = {Hong Zhu and Joseph R. Horgan and S. C. Cheung and J. Jenny Li},
 title = {The first international workshop on automation of software test},
 booktitle = {ICSE '06: Proceedings of the 28th international conference on Software engineering},
 year = {2006},
 isbn = {1-59593-375-1},
 pages = {1028--1029},
 location = {Shanghai, China},
 doi = {http://doi.acm.org/10.1145/1134285.1134487},
 publisher = {ACM},
 address = {New York, NY, USA},
 }

@article{mattern1987adt,
  title={{Algorithms for distributed termination detection}},
  author={Mattern, F.},
  journal={Distributed Computing},
  volume={2},
  number={3},
  pages={161--175},
  year={1987},
  publisher={Springer}
}

@article{tse2007too,
  title={{Testing object-oriented industrial software without precise oracles or results}},
  author={Tse, TH and Lau, F.C.M. and Chan, WK and Liu, P.C.K. and Luk, C.K.F.},
  journal={Communications of the ACM},
  volume={50},
  number={8},
  pages={78--85},
  year={2007},
  publisher={ACM Press New York, NY, USA}
}

@unpublished{softwareTestingHotlist,
  title     = {{Software Testing Hotlist}},
  author    = {Bret Pettichord},
  note      = {http://www.io.com/~wazmo/qa/}
}

@inproceedings{long2001,
 author = {Brad Long and Dan Hoffman and Paul Strooper},
 title = {{A Concurrency Test Tool for Java Monitors}},
 booktitle = {ASE '01: Proceedings of the 16th IEEE international conference on Automated software engineering},
 year = {2001},
 pages = {421},
 publisher = {IEEE Computer Society},
 address = {Washington, DC, USA},
 }

@unpublished{softwareTestingCourse,
  title     = {{Software Testing Course}},
  author    = {Shmuel Ur},
  note      = {http://cs.haifa.ac.il/courses/softtest/testing2003/}
}

@article{whittaker2000sta,
  title={{What is software testing? And why is it so hard?}},
  author={Whittaker, JA},
  journal={Software, IEEE},
  volume={17},
  number={1},
  pages={70--79},
  year={2000}
}

@book{meszaros2007xtp,
  title={{XUnit Test Patterns: Refactoring Test Code}},
  author={Meszaros, G.},
  year={2007},
  publisher={Addison-Wesley}
}

@article{sen2007ct,
  title={{Concolic testing}},
  author={Sen, K.},
  journal={Proceedings of the twenty-second IEEE/ACM international conference on Automated software engineering},
  pages={571--572},
  year={2007},
  publisher={ACM New York, NY, USA}
}

@article{berner2005oal,
  title={{Observations and lessons learned from automated testing}},
  author={Berner, S. and Weber, R. and Keller, R.K.},
  journal={Proceedings of the 27th international conference on Software engineering},
  pages={571--579},
  year={2005},
  publisher={ACM Press New York, NY, USA}
}

@article{sen2007ert,
  title={{Effective random testing of concurrent programs}},
  author={Sen, K.},
  journal={Proceedings of the twenty-second IEEE/ACM international conference on Automated software engineering},
  pages={323--332},
  year={2007},
  publisher={ACM New York, NY, USA}
}

@misc{silva2002dat,
  title={{Distributed automated testing system}},
  author={Silva, S. and Allison, M. and Sprague, F. and Metzner, J.R. and Yip, T.W. and Gillespie, R.W.},
  year={2002},
  month=mar # "~19",
  publisher={Google Patents},
  note={US Patent 6,360,268}
}

@article{mellorcrummey1991ass,
  title={{Algorithms for scalable synchronization on shared-memory multiprocessors}},
  author={Mellor-Crummey, J.M. and Scott, M.L.},
  journal={ACM Transactions on Computer Systems (TOCS)},
  volume={9},When performing regression tests, testers seek
only to show the absence of a fault and to
force the application to exhibit specific behavior.
  number={1},
  pages={21--65},
  year={1991},
  publisher={ACM Press New York, NY, USA}
}

@techreport{meixner:cpd,
  title={{Clouseau: Probabilistic Dynamic Verification of Multithreaded Memory Systems}},
  author={Meixner, A. and Sorin, D.J.},
  institution={Tech. Report 2004-2, Department of Electrical and Computer Engineering, Duke University, Sept. 2004}
}

@article{shaw1991dts,
  title={{Deterministic timing schema for parallel programs}},
  author={Shaw, AC},
  journal={Parallel Processing Symposium, 1991. Proceedings., Fifth International},
  pages={56--63}
}

@article{khoumsi2002tat,
  title={{A temporal approach for testing distributed systems}},
  author={Khoumsi, A.},
  journal={Software Engineering, IEEE Transactions on},
  volume={28},
  number={11},
  pages={1085--1103},
  year={2002}
}
@article{rosenberg1993sfi,
  title={{Software fault injection and its application in distributed systems}},
  author={Rosenberg, HA and Shin, KG},
  journal={Fault-Tolerant Computing, 1993. FTCS-23. Digest of Papers., The Twenty-Third International Symposium on},
  pages={208--217},
  year={1993}

@article{long2003tst,
  title={{Tool support for testing concurrent Java components}},
  author={Long, B. and Hoffman, D. and Strooper, P.},
  journal={Software Engineering, IEEE Transactions on},
  volume={29},
  number={6},
  pages={555--566},
  year={2003}
}

@article{strooper2007tcj,
  title={{Testing Concurrent Java Components}},
  author={Strooper, P. and Wildman, L.},
  journal={International Conference on Software Engineering},
  pages={161--162},
  year={2007},
  publisher={IEEE Computer Society Washington, DC, USA}
}

@article{pacheco2007fdr,
author = {Pacheco, C. and Lahiri, S.K. and Ernst, M.D. and Ball, T.},
title = {Feedback-Directed Random Test Generation},
year = {2007},
issn = {0270-5257},
pages = {75-84},
doi = {http://doi.ieeecomputersociety.org/10.1109/ICSE.2007.37},
publisher = {IEEE Computer Society},
address = {Los Alamitos, CA, USA},
}

@article{tretmans1999tcs,
  title={{Testing Concurrent Systems: A Formal Approach}},
  author={Tretmans, J.},
  journal={CONCUR'99: Concurrency Theory: 10th International Conference, Eindhoven, the Netherlands, August 24-27, 1999: Proceedings},
  year={1999},
  publisher={Springer}
}

@article{hatton2007csq,
author = {Les Hatton},
title = {The Chimera of Software Quality},
journal = {Computer},
volume = {40},
number = {8},
year = {2007},
issn = {0018-9162},
pages = {104, 102-103},
doi = {http://doi.ieeecomputersociety.org/10.1109/MC.2007.292},
publisher = {IEEE Computer Society},
address = {Los Alamitos, CA, USA},
}

@article{tanenbaum2001mos,
  title={{Modern Operating Systems}},
  author={Tanenbaum, A.S.},
  year={2001},
  publisher={pub-PH}
}

@book{goetz2006jcp,
  title={{Java concurrency in practice}},
  author={Goetz, B. and Peierls, T.},
  year={2006},
  publisher={Addison-Wesley}
}

@article{gong2007tmt,
  title={On Testing Multi-threaded Java Programs}, 
  author={Gong, Xufang and Wang, Yanchen and Zhou, Ying and Li, Bixin},
 journal={Software Engineering, Artificial Intelligence,
Networking, and Parallel/Distributed Computing, 2007. SNPD 2007. Eighth
ACIS International Conference on},
  year={2007},
  volume={1},
  pages={702-706},
  doi={10.1109/SNPD.2007.396}
}
@phdthesis{bruening1999stm,
  title={{Systematic Testing of Multithreaded Java Programs}},
  author={Bruening, D.L.},
  year={1999},
  school={Massachusetts Institute of Technology}
}

@article{stoller2002tcj,
  title={{Testing Concurrent Java Programs using Randomized Scheduling}},
  author={Stoller, S.D.},
  journal={Electronic Notes in Theoretical Computer Science},
  volume={70},
  number={4},
  pages={142--157},
  year={2002},
  publisher={Elsevier}
}
@article{edelstein2002mjp,
  title={{Multithreaded Java program test generation}},
  author={Edelstein, O. and Farchi, E. and Nir, Y. and Ratsaby, G. and Ur, S.},
  journal={IBM Systems Journal},
  volume={41},
  number={1},
  pages={111--125},
  year={2002}
}

@misc{buchbinder2006mutc,
  title={{Multithreaded unit testing with ConTest}},
  author={Yarden Nir-Buchbinder and Shmuel Ur},
  year={2006},
  month={April},
  %publisher={IBM},
  note={At http://www.ibm.com/developerworks/java/library/j-contest.html}
}
@misc{alexrupp2003mtj,
  title={{Multithreaded Tests with JUnit}},
  author={Alex Rupp, N.},
  year = {2003},
  month = {June},
  note = {At http://today.java.net/pub/a/today/2003/08/06/multithreadedTests.html}
}

@misc{junitPerf,
  title={{JUnitPerf}},
  note = {At http://www.clarkware.com/software/JUnitPerf.html}
}

@misc{harnessIt,
  title={HarnessIt Test Framework: Multithreaded Testing Considerations},
  note={At http://unittesting.com/documentation/Appendices/MultiThreadedTesting.html}
}

@misc{contest,
  title={{ConcurrentTesting - Advanced Testing for Multi-Threaded Applications}},
  publisher= {IBM AlphaWorks},	
  note = {At http://www.alphaworks.ibm.com/tech/contest}
}